[gd_scene load_steps=13 format=2]

[ext_resource path="res://Graficos/duck_outline_white.png" type="Texture" id=1]
[ext_resource path="res://Graficos/tree_pine.png" type="Texture" id=2]
[ext_resource path="res://Pato1.gd" type="Script" id=3]
[ext_resource path="res://Graficos/duck_outline_yellow.png" type="Texture" id=4]
[ext_resource path="res://Pato2.gd" type="Script" id=5]
[ext_resource path="res://Graficos/water2.png" type="Texture" id=6]
[ext_resource path="res://Graficos/grass2.png" type="Texture" id=7]
[ext_resource path="res://Graficos/water1.png" type="Texture" id=8]
[ext_resource path="res://Graficos/bg_red.png" type="Texture" id=9]
[ext_resource path="res://Graficos/grass1.png" type="Texture" id=10]
[ext_resource path="res://Graficos/tree_oak.png" type="Texture" id=11]

[sub_resource type="SpriteFrames" id=1]
animations = [ {
"frames": [ ExtResource( 8 ), ExtResource( 6 ) ],
"loop": true,
"name": "default",
"speed": 1.0
} ]

[node name="Paisaje" type="Node2D"]

[node name="Cielo" type="Node2D" parent="."]
position = Vector2( 0, -244 )

[node name="grass2" type="Sprite" parent="Cielo"]
position = Vector2( 55.4745, 328.878 )
texture = ExtResource( 9 )

[node name="grass3" type="Sprite" parent="Cielo"]
position = Vector2( 185.891, 328.878 )
texture = ExtResource( 9 )

[node name="grass4" type="Sprite" parent="Cielo"]
position = Vector2( 313.399, 328.878 )
texture = ExtResource( 9 )

[node name="grass5" type="Sprite" parent="Cielo"]
position = Vector2( 443.815, 328.878 )
texture = ExtResource( 9 )

[node name="grass6" type="Sprite" parent="Cielo"]
position = Vector2( 575.105, 328.878 )
texture = ExtResource( 9 )

[node name="grass7" type="Sprite" parent="Cielo"]
position = Vector2( 707.521, 328.878 )
texture = ExtResource( 9 )

[node name="grass8" type="Sprite" parent="Cielo"]
position = Vector2( 837.029, 328.878 )
texture = ExtResource( 9 )

[node name="grass9" type="Sprite" parent="Cielo"]
position = Vector2( 969.445, 328.878 )
texture = ExtResource( 9 )

[node name="Pasto3" type="Node2D" parent="."]
position = Vector2( 0, -244 )

[node name="grass2" type="Sprite" parent="Pasto3"]
position = Vector2( 53.096, 509.637 )
texture = ExtResource( 10 )

[node name="grass3" type="Sprite" parent="Pasto3"]
position = Vector2( 183.513, 509.637 )
texture = ExtResource( 10 )

[node name="grass4" type="Sprite" parent="Pasto3"]
position = Vector2( 311.02, 509.637 )
texture = ExtResource( 10 )

[node name="grass5" type="Sprite" parent="Pasto3"]
position = Vector2( 441.437, 509.637 )
texture = ExtResource( 10 )

[node name="grass6" type="Sprite" parent="Pasto3"]
position = Vector2( 572.726, 509.637 )
texture = ExtResource( 10 )

[node name="grass7" type="Sprite" parent="Pasto3"]
position = Vector2( 705.143, 509.637 )
texture = ExtResource( 10 )

[node name="grass8" type="Sprite" parent="Pasto3"]
position = Vector2( 834.651, 509.637 )
texture = ExtResource( 10 )

[node name="grass9" type="Sprite" parent="Pasto3"]
position = Vector2( 967.067, 509.637 )
texture = ExtResource( 10 )

[node name="Arboles2" type="Node2D" parent="."]
position = Vector2( -33.2978, -223.571 )
scale = Vector2( 0.8, 0.8 )

[node name="tree_oak" type="Sprite" parent="Arboles2"]
position = Vector2( 338.892, 431.353 )
texture = ExtResource( 11 )

[node name="tree_pine" type="Sprite" parent="Arboles2"]
position = Vector2( 690.897, 426.596 )
texture = ExtResource( 2 )

[node name="tree_pine2" type="Sprite" parent="Arboles2"]
position = Vector2( 1003.06, 438.488 )
texture = ExtResource( 2 )

[node name="tree_pine3" type="Sprite" parent="Arboles2"]
position = Vector2( 1121.98, 411.731 )
texture = ExtResource( 2 )

[node name="Agua1" type="Node2D" parent="."]

[node name="Agua1" type="AnimatedSprite" parent="Agua1"]
position = Vector2( 55.0921, 339.028 )
frames = SubResource( 1 )
playing = true

[node name="Agua2" type="AnimatedSprite" parent="Agua1"]
position = Vector2( 186.465, 339.028 )
frames = SubResource( 1 )
frame = 1
playing = true

[node name="Agua3" type="AnimatedSprite" parent="Agua1"]
position = Vector2( 316.958, 339.028 )
frames = SubResource( 1 )
frame = 1
playing = true

[node name="Agua4" type="AnimatedSprite" parent="Agua1"]
position = Vector2( 444.093, 337.909 )
frames = SubResource( 1 )
frame = 1
playing = true

[node name="Agua5" type="AnimatedSprite" parent="Agua1"]
position = Vector2( 573.348, 338.79 )
frames = SubResource( 1 )
playing = true

[node name="Agua6" type="AnimatedSprite" parent="Agua1"]
position = Vector2( 704.721, 338.79 )
frames = SubResource( 1 )
frame = 1
playing = true

[node name="Agua7" type="AnimatedSprite" parent="Agua1"]
position = Vector2( 836.214, 338.79 )
frames = SubResource( 1 )
playing = true

[node name="Agua8" type="AnimatedSprite" parent="Agua1"]
position = Vector2( 963.349, 337.671 )
frames = SubResource( 1 )
playing = true

[node name="PatoComputadora" type="Sprite" parent="."]
position = Vector2( 93.8609, 308.332 )
texture = ExtResource( 4 )
script = ExtResource( 5 )

[node name="Agua2" type="Node2D" parent="."]
position = Vector2( 0, 95.3517 )

[node name="Agua1" type="AnimatedSprite" parent="Agua2"]
position = Vector2( 55.0921, 339.028 )
frames = SubResource( 1 )
frame = 1
playing = true

[node name="Agua2" type="AnimatedSprite" parent="Agua2"]
position = Vector2( 186.465, 339.028 )
frames = SubResource( 1 )
frame = 1
playing = true

[node name="Agua3" type="AnimatedSprite" parent="Agua2"]
position = Vector2( 316.958, 339.028 )
frames = SubResource( 1 )
playing = true

[node name="Agua4" type="AnimatedSprite" parent="Agua2"]
position = Vector2( 444.093, 337.909 )
frames = SubResource( 1 )
playing = true

[node name="Agua5" type="AnimatedSprite" parent="Agua2"]
position = Vector2( 573.348, 338.79 )
frames = SubResource( 1 )
frame = 1
playing = true

[node name="Agua6" type="AnimatedSprite" parent="Agua2"]
position = Vector2( 704.721, 338.79 )
frames = SubResource( 1 )
playing = true

[node name="Agua7" type="AnimatedSprite" parent="Agua2"]
position = Vector2( 836.214, 338.79 )
frames = SubResource( 1 )
frame = 1
playing = true

[node name="Agua8" type="AnimatedSprite" parent="Agua2"]
position = Vector2( 963.349, 337.671 )
frames = SubResource( 1 )
frame = 1
playing = true

[node name="PatoJugador" type="Sprite" parent="."]
position = Vector2( 67.0939, 399.138 )
texture = ExtResource( 1 )
offset = Vector2( 26.7534, -26.1339 )
script = ExtResource( 3 )

[node name="Pasto1" type="Node2D" parent="."]

[node name="grass2" type="Sprite" parent="Pasto1"]
position = Vector2( 53.096, 509.637 )
texture = ExtResource( 7 )

[node name="grass3" type="Sprite" parent="Pasto1"]
position = Vector2( 183.513, 509.637 )
texture = ExtResource( 7 )

[node name="grass4" type="Sprite" parent="Pasto1"]
position = Vector2( 311.02, 509.637 )
texture = ExtResource( 7 )

[node name="grass5" type="Sprite" parent="Pasto1"]
position = Vector2( 441.437, 509.637 )
texture = ExtResource( 7 )

[node name="grass6" type="Sprite" parent="Pasto1"]
position = Vector2( 572.726, 509.637 )
texture = ExtResource( 7 )

[node name="grass7" type="Sprite" parent="Pasto1"]
position = Vector2( 705.143, 509.637 )
texture = ExtResource( 7 )

[node name="grass8" type="Sprite" parent="Pasto1"]
position = Vector2( 834.651, 509.637 )
texture = ExtResource( 7 )

[node name="grass9" type="Sprite" parent="Pasto1"]
position = Vector2( 967.067, 509.637 )
texture = ExtResource( 7 )

[node name="Arboles" type="Node2D" parent="."]
modulate = Color( 1, 1, 1, 0.709804 )

[node name="tree_oak" type="Sprite" parent="Arboles"]
position = Vector2( 338.892, 431.353 )
texture = ExtResource( 11 )

[node name="tree_pine" type="Sprite" parent="Arboles"]
position = Vector2( 690.897, 426.596 )
texture = ExtResource( 2 )
